@article{Cui1,
   author = {Cui, Tianhong},
   title = {Research: The First {S}cience {P}artner {J}ournal},
   journal = {Research},
   volume = {2018},
   pages = {1},
   DOI = {10.1155/2018/1340806},
   year = {2018},
   type = {Journal Article}
}

@article{Li1,
   author = {Li, Xingde and Zhang, Guoqi and Tang, Yuguo},
   title = {{BME} {F}rontiers: A Platform for Engineering the Future of Biomedicine},
   journal = {BME Frontiers},
   volume = {2020},
   pages = {1},
   DOI = {10.34133/2020/2095460},
   year = {2020},
   type = {Journal Article}
}

@article{Ninomiya1,
   author = {Ninomiya, Seishi and Baret, Frederic and Cheng, Zong-Ming},
   title = {Plant {P}henomics: Emerging Transdisciplinary Science},
   journal = {Plant Phenomics},
   volume = {2019},
   pages = {1--3},
   DOI = {10.1155/2019/2765120},
   year = {2019},
   type = {Journal Article}
}

@article{Wang1,
   author = {Wang, Wei and Chu, Daping},
   title = {Advanced {D}evices \& {I}nstrumentation: Integrated for Functionality to Change the World},
   journal = {Advanced Devices \& Instrumentation},
   volume = {2020},
   pages = {1--2},
   DOI = {10.34133/2020/4071439},
   year = {2020},
   type = {Journal Article}
}

@article{Yang1,
   author = {Yang, Xiaohan and Qi, Lei S. and Jaramillo, Alfonso and Cheng, Zong-Ming},
   title = {Bio{D}esign {R}esearch to Advance the Principles and Applications of Biosystems Design},
   journal = {BioDesign Research},
   volume = {2019},
   pages = {1--4},
   DOI = {10.34133/2019/9680853},
   year = {2019},
   type = {Journal Article}
}

